@article{knuth84,
  author = {Knuth, Donald E.},
  title = {Literate Programming},
  year = {1984},
  issue_date = {May 1984},
  publisher = {Oxford University Press, Inc.},
  address = {USA},
  volume = {27},
  number = {2},
  issn = {0010-4620},
  url = {https://doi.org/10.1093/comjnl/27.2.97},
  doi = {10.1093/comjnl/27.2.97},
  journal = {Comput. J.},
  month = may,
  pages = {97–111},
  numpages = {15}
}



@article{Pérez-Maqueo2013,
	title = {Using Four Capitals to Assess Watershed Sustainability},
	author = {{Pérez-Maqueo}, Octavio and Martinez, M. Luisa and {Vázquez}, Gabriela and Equihua, Miguel},
	year = {2012},
	month = {11},
	date = {2012-11-06},
	journal = {Environmental Management},
	pages = {679--693},
	volume = {51},
	number = {3},
	doi = {10.1007/s00267-012-9972-9},
	url = {http://dx.doi.org/10.1007/s00267-012-9972-9},
	langid = {en}
}
