@book{pearl2018book,
  title={The book of why: the new science of cause and effect},
  author={Pearl, Judea and Mackenzie, Dana},
  year={2018},
  publisher={Basic books}
}


@article{Pérez-Maqueo2013,
	title = {Using Four Capitals to Assess Watershed Sustainability},
	author = {{Pérez-Maqueo}, Octavio and Martinez, M. Luisa and {Vázquez}, Gabriela and Equihua, Miguel},
	year = {2012},
	month = {11},
	date = {2012-11-06},
	journal = {Environmental Management},
	pages = {679--693},
	volume = {51},
	number = {3},
	doi = {10.1007/s00267-012-9972-9},
	url = {http://dx.doi.org/10.1007/s00267-012-9972-9},
	langid = {en}
}